@article{homepage2vec,
  author     = {Sylvain Lugeon and
                Tiziano Piccardi and
                Robert West},
  title      = {Language-Agnostic Website Embedding and Classification},
  journal    = {CoRR},
  volume     = {abs/2201.03677},
  year       = {2022},
  url        = {https://arxiv.org/abs/2201.03677},
  eprinttype = {arXiv},
  eprint     = {2201.03677},
  timestamp  = {Thu, 20 Jan 2022 14:21:35 +0100},
  biburl     = {https://dblp.org/rec/journals/corr/abs-2201-03677.bib},
  bibsource  = {dblp computer science bibliography, https://dblp.org}
}